%% This BibTeX bibliography file was created using BibDesk.
%% http://bibdesk.sourceforge.net/

%% Created for Evgeny Egorov at 2017-05-30 12:41:07 +0300 


%% Saved with string encoding Unicode (UTF-8) 



@article{rtl,
	Author = {Qinghua Huang},
	Date-Added = {2017-05-30 09:16:21 +0000},
	Date-Modified = {2017-05-30 09:27:30 +0000},
	Journal = {TAO},
	Number = {3},
	Pages = {469-491},
	Title = {Seismicity Pattern Changes Prior to Large Earthquakes-An Approach of the RTL Algorithm},
	Volume = {15},
	Year = {2004}}

@article{work,
	Author = { Working Group on California Earthquake Probabilities},
	Date-Added = {2017-05-30 08:17:16 +0000},
	Date-Modified = {2017-05-30 08:18:55 +0000},
	Journal = {U.S. Geological Survey  Open File Report},
	Title = {Earthquakes probabilities in the San Francisco Bay region: 2002 to 2031},
	Year = {2003}}

@article{mix_three,
	Author = { Prasad A NAIK Peide SHI and Chih-Ling T},
	Date-Added = {2017-05-30 03:25:27 +0000},
	Date-Modified = {2017-05-30 03:53:30 +0000},
	Journal = {Am Statist Assoc},
	Title = {Extending the Akaike Information Criterion to Mixture Regression Models},
	Year = {2007}}

@article{mix_two,
	Author = {Lauren A. Hannah David M. Blei Warren B. Powell},
	Date-Added = {2017-05-30 03:24:35 +0000},
	Date-Modified = {2017-05-30 03:25:26 +0000},
	Journal = {Journal of Machine Learning Research 1},
	Title = {Dirichlet Process Mixtures of Generalized Linear Models},
	Year = {2011}}

@article{mix_one,
	Author = {Merrilee HURN Ana JUSTEL Christian P. ROBERT},
	Date-Added = {2017-05-30 03:23:37 +0000},
	Date-Modified = {2017-05-30 03:53:16 +0000},
	Journal = {Am Statist Assoc},
	Title = {Estimating Mixtures of Regressions},
	Year = {2008}}

@article{mean_field,
	Author = {David M. Blei Alp Kucukelbir Jon D. McAuliffe},
	Date-Added = {2017-05-30 02:40:55 +0000},
	Date-Modified = {2017-05-30 02:42:05 +0000},
	Journal = {arXiv},
	Title = {Variational Inference: A Review for Statisticians},
	Year = {2016},
	Bdsk-File-1 = {YnBsaXN0MDDUAQIDBAUGJCVYJHZlcnNpb25YJG9iamVjdHNZJGFyY2hpdmVyVCR0b3ASAAGGoKgHCBMUFRYaIVUkbnVsbNMJCgsMDxJXTlMua2V5c1pOUy5vYmplY3RzViRjbGFzc6INDoACgAOiEBGABIAFgAdccmVsYXRpdmVQYXRoWWFsaWFzRGF0YV8QGS4uLy4uL0Rlc2t0b3AvdmFyX2luZi5wZGbSFwsYGVdOUy5kYXRhTxEBeAAAAAABeAACAAAMTWFjaW50b3NoIEhEAAAAAAAAAAAAAAAAAAAA0897GkgrAAAABoaCC3Zhcl9pbmYucGRmAAAAAAAAAAAAAAAAAAAAAAAAAAAAAAAAAAAAAAAAAAAAAAAAAAAAAAAAAAAAAAAAAAAAAAFKp/vVUrZMAAAAAAAAAAAAAgACAAAJIAAAAAAAAAAAAAAAAAAAAAdEZXNrdG9wAAAQAAgAANPPUOoAAAARAAgAANVSjBwAAAABAAwABoaCAAaGcQAGMGMAAgA2TWFjaW50b3NoIEhEOlVzZXJzOgBldmdlbnllZ29yb3Y6AERlc2t0b3A6AHZhcl9pbmYucGRmAA4AGAALAHYAYQByAF8AaQBuAGYALgBwAGQAZgAPABoADABNAGEAYwBpAG4AdABvAHMAaAAgAEgARAASACZVc2Vycy9ldmdlbnllZ29yb3YvRGVza3RvcC92YXJfaW5mLnBkZgATAAEvAAAVAAIAE///AACABtIbHB0eWiRjbGFzc25hbWVYJGNsYXNzZXNdTlNNdXRhYmxlRGF0YaMdHyBWTlNEYXRhWE5TT2JqZWN00hscIiNcTlNEaWN0aW9uYXJ5oiIgXxAPTlNLZXllZEFyY2hpdmVy0SYnVHJvb3SAAQAIABEAGgAjAC0AMgA3AEAARgBNAFUAYABnAGoAbABuAHEAcwB1AHcAhACOAKoArwC3AjMCNQI6AkUCTgJcAmACZwJwAnUCggKFApcCmgKfAAAAAAAAAgEAAAAAAAAAKAAAAAAAAAAAAAAAAAAAAqE=}}

@article{b_three,
	Author = {Urbancic T. I. C-I. Trifu J. M. Long,  R.P. Young},
	Date-Added = {2017-05-30 01:58:06 +0000},
	Date-Modified = {2017-05-30 02:01:51 +0000},
	Journal = {PAGEOPH},
	Pages = {449-462},
	Title = {Space-time correlation of b values with stress release},
	Year = {1992}}

@article{b_two,
	Author = {Mori and R.E. Abercrombie},
	Date-Added = {2017-05-30 01:56:34 +0000},
	Date-Modified = {2017-05-30 02:02:16 +0000},
	Journal = {Geophys Res},
	Title = {Depth dependence of earthquake frequency-magnitude distributions in California: Implication for the rupture initiation},
	Year = {1997},
	Bdsk-File-1 = {YnBsaXN0MDDUAQIDBAUGJCVYJHZlcnNpb25YJG9iamVjdHNZJGFyY2hpdmVyVCR0b3ASAAGGoKgHCBMUFRYaIVUkbnVsbNMJCgsMDxJXTlMua2V5c1pOUy5vYmplY3RzViRjbGFzc6INDoACgAOiEBGABIAFgAdccmVsYXRpdmVQYXRoWWFsaWFzRGF0YV8QGS4uLy4uL0Rlc2t0b3AvdmFyX2luZi5wZGbSFwsYGVdOUy5kYXRhTxEBeAAAAAABeAACAAAMTWFjaW50b3NoIEhEAAAAAAAAAAAAAAAAAAAA0897GkgrAAAABoaCC3Zhcl9pbmYucGRmAAAAAAAAAAAAAAAAAAAAAAAAAAAAAAAAAAAAAAAAAAAAAAAAAAAAAAAAAAAAAAAAAAAAAAFKp/vVUrZMAAAAAAAAAAAAAgACAAAJIAAAAAAAAAAAAAAAAAAAAAdEZXNrdG9wAAAQAAgAANPPUOoAAAARAAgAANVSjBwAAAABAAwABoaCAAaGcQAGMGMAAgA2TWFjaW50b3NoIEhEOlVzZXJzOgBldmdlbnllZ29yb3Y6AERlc2t0b3A6AHZhcl9pbmYucGRmAA4AGAALAHYAYQByAF8AaQBuAGYALgBwAGQAZgAPABoADABNAGEAYwBpAG4AdABvAHMAaAAgAEgARAASACZVc2Vycy9ldmdlbnllZ29yb3YvRGVza3RvcC92YXJfaW5mLnBkZgATAAEvAAAVAAIAE///AACABtIbHB0eWiRjbGFzc25hbWVYJGNsYXNzZXNdTlNNdXRhYmxlRGF0YaMdHyBWTlNEYXRhWE5TT2JqZWN00hscIiNcTlNEaWN0aW9uYXJ5oiIgXxAPTlNLZXllZEFyY2hpdmVy0SYnVHJvb3SAAQAIABEAGgAjAC0AMgA3AEAARgBNAFUAYABnAGoAbABuAHEAcwB1AHcAhACOAKoArwC3AjMCNQI6AkUCTgJcAmACZwJwAnUCggKFApcCmgKfAAAAAAAAAgEAAAAAAAAAKAAAAAAAAAAAAAAAAAAAAqE=}}

@article{b_one,
	Author = {Allen C. P. Amand C. Richter and J. Nordquist},
	Date-Added = {2017-05-30 01:55:41 +0000},
	Date-Modified = {2017-05-30 02:01:37 +0000},
	Journal = { Bull. Seismol. Soc. Am},
	Title = {Relation between seismicity and geological structure in the southern California region},
	Year = {1965}}

@article{physic_b,
	Author = {Stuart Crampin, Yuan Gao},
	Date-Added = {2017-05-30 01:44:56 +0000},
	Date-Modified = {2017-05-30 01:45:44 +0000},
	Journal = {Journal of Earth Science},
	Number = {1},
	Pages = {134-139},
	Title = {The Physics Underlying Gutenberg-Richter in the Earth and in the Moon},
	Volume = {26},
	Year = {2015}}

@article{b_val_distrib,
	Author = {Aki K.},
	Date-Added = {2017-05-30 00:44:30 +0000},
	Date-Modified = {2017-05-30 00:46:48 +0000},
	Journal = {Bulletin of the Earthquake Research Institute},
	Pages = {237-239},
	Title = {Maximum Liklihood Estimate of b in the Formula log N = a - bM and its Confidence Limits},
	Volume = {43},
	Year = {1965}}

@article{gr_b_value,
	Author = {GUTENBERG, B. and C. RICHTER},
	Date-Added = {2017-05-29 23:52:29 +0000},
	Date-Modified = {2017-05-29 23:53:49 +0000},
	Journal = {Princeton University Press, Princeton, New Jersey, 2nd edition},
	Pages = {310},
	Title = {Seismicity of the Earth and Associated Phenomena},
	Year = {1954}}

@article{log_gamma_approx,
	Author = {Bartlett M.S, Kendall D.G},
	Date-Added = {2017-05-29 19:02:54 +0000},
	Date-Modified = {2017-05-29 19:15:32 +0000},
	Journal = {Jn.R. Statist.Soc. Suppl.,8, 128},
	Title = {The statistical analysis of variance-heterogeneity and logarithmic transformation},
	Year = {1946}}
